@article{einstein,
  author =       "Albert Einstein",
  title =        "{Zur Elektrodynamik bewegter K{\"o}rper}. ({German})
                 [{On} the electrodynamics of moving bodies]",
  journal =      "Annalen der Physik",
  volume =       "322",
  number =       "10",
  pages =        "891--921",
  year =         "1905",
  DOI =          "http://dx.doi.org/10.1002/andp.19053221004",
  keywords =     "physics"
}

@book{dirac,
  title={The Principles of Quantum Mechanics},
  author={Paul Adrien Maurice Dirac},
  isbn={9780198520115},
  series={International series of monographs on physics},
  year={1981},
  publisher={Clarendon Press},
  keywords = {physics}
}

@book{latexcompanion,
    author    = "Michel Goossens and Frank Mittelbach and Alexander Samarin",
    title     = "The \LaTeX\ Companion",
    year      = "1993",
    publisher = "Addison-Wesley",
    address   = "Reading, Massachusetts",
    keywords  = "latex"
}
 
@online{knuthwebsite,
    author    = "Donald Knuth",
    title     = "Knuth: Computers and Typesetting",
    url       = "http://www-cs-faculty.stanford.edu/~uno/abcde.html",
    addendum = "(accessed: 01.09.2016)",
    keywords  = "latex,knuth"
}

@inbook{knuth-fa,
   author = "Donald E. Knuth",
   title = "Fundamental Algorithms",
   publisher = "Addison-Wesley",
   year = "1973",
   chapter = "1.2",
   keywords  = "knuth,programming"
}

@book{knuth-acp,
   author = "Donald E. Knuth",
   publisher = "Addison-Wesley",
   title = "The Art of Computer Programming",
   series = "Four volumes",
   year = "1968",
   note = "Seven volumes planned",
   keywords  = "knuth,programming"
}

@article{ctan,
    author  = "George D. Greenwade",
    title   = "The {C}omprehensive {T}ex {A}rchive {N}etwork ({CTAN})",
    year    = "1993",
    journal = "TUGBoat",
    volume  = "14",
    number  = "3",
    pages   = "342--351",
    keywords  = "latex"
}

@book{huang2001spoken,
	title={Spoken language processing: A guide to theory, algorithm, and system development},
	author={Huang, Xuedong and Acero, Alex and Hon, Hsiao-Wuen and Foreword By-Reddy, Raj},
	year={2001},
	publisher={Prentice hall PTR}
}

@article{chang2009two,
	title={A two-stage ADALINE for harmonics and interharmonics measurement},
	author={Chang, Gary W and Chen, Cheng-I and Liang, Quan-Wei},
	journal={IEEE Transactions on Industrial Electronics},
	volume={56},
	number={6},
	pages={2220--2228},
	year={2009},
	publisher={IEEE}
}
@article{de2009pll,
	title={A PLL-based multirate structure for time-varying power systems harmonic/interharmonic estimation},
	author={de Carvalho, Janison Rodrigues and Duque, Carlos A and Ribeiro, Mois{\'e}s V and Cerqueira, Augusto S and Baldwin, Thomas L and Ribeiro, Paulo F},
	journal={IEEE Transactions on Power Delivery},
	volume={24},
	number={4},
	pages={1789--1800},
	year={2009},
	publisher={IEEE}
}

@article{ziarani2004method,
	title={A method of extraction of nonstationary sinusoids},
	author={Ziarani, Alireza K and Konrad, Adalbert},
	journal={Signal Processing},
	volume={84},
	number={8},
	pages={1323--1346},
	year={2004},
	publisher={Elsevier}
}

@book{mitra2006digital,
	title={Digital signal processing: a computer-based approach},
	author={Mitra, Sanjit Kumar and Kuo, Yonghong},
	volume={2},
	year={2006},
	publisher={McGraw-Hill New York}
}

@book{diniz1997adaptive,
	title={Adaptive filtering},
	author={Diniz, Paulo SR},
	year={1997},
	publisher={Springer}
}
@book{al2006digital,
	title={Digital Phase Lock Loops},
	author={Al-Araji, Saleh R and Hussain, Zahir M and Al-Qutayri, Mahmoud A},
	year={2006},
	publisher={Springer}
}

@book{haykin2005adaptive,
	title={Adaptive filter theory},
	author={Haykin, Simon S},
	year={2005},
	publisher={Pearson Education India}
}

@article{bessegato2012line,
	title={On-Line Process Control using Attributes with Misclassification Errors: An Economical Design for Short-Run Production},
	author={Bessegato, Lup{\'e}rcio F and Quinino, Roberto C and Duczmal, Luiz H and Lee Ho, Linda},
	journal={Communications in Statistics-Theory and Methods},
	volume={41},
	number={10},
	pages={1813--1832},
	year={2012},
	publisher={Taylor \& Francis}
}

@article{stoica2005spectral,
	title={Spectral analysis of signals},
	author={Stoica, Petre and Moses, Randolph L and others},
	year={2005},
	publisher={Pearson Prentice Hall Upper Saddle River, NJ}
}

@article{carvalho2008estimaccao,
	title={Estima{\c{c}}{\~a}o de harm{\^o}nicos/interharm{\^o}nicos: uma abordagem multitaxa},
	author={Carvalho, Janison Rodrigues de and others},
	year={2008},
	publisher={Universidade Federal de Juiz de Fora (UFJF)}
}
@article{dugan1996electrical,
	title={Electrical power systems quality},
	author={Dugan, Roger C and McGranaghan, Mark F and Beaty, H Wayne},
	journal={New York, NY: McGraw-Hill,| c1996},
	year={1996}
}