@article{darmois1953analyse,
  title={Analyse g{\'e}n{\'e}rale des liaisons stochastiques: etude particuli{\`e}re de l'analyse factorielle lin{\'e}aire},
  author={Darmois, George},
  journal={Revue de l'Institut international de statistique},
  pages={2--8},
  year={1953},
  publisher={JSTOR}
} %  trabalho de origem das ICAs [45] do josemaia

@article{kagan1973characterization,
  title={Characterization problems in mathematical statistics},
  author={Kagan, Abram M and Rao, Calyampudi Radhakrishna and Linnik, Yurij Vladimirovich},
  year={1973},
  publisher={Wiley}
}% [46] do josemaia

@inproceedings{herault1986space,
  title={Space or time adaptive signal processing by neural network models},
  author={Herault, Jeanny and Jutten, Christian},
  booktitle={AIP conference proceedings},
  volume={151},
  number={1},
  pages={206--211},
  year={1986},
  organization={AIP}
}% avô da ICA [47] do Josemaia

@article{comon1994independent,
  title={Independent component analysis, a new concept?},
  author={Comon, Pierre},
  journal={Signal processing},
  volume={36},
  number={3},
  pages={287--314},
  year={1994},
  publisher={Elsevier}
}% Comon criador da ICA [48] do Josemaia

@phdthesis{faier2011analise,
  title={ANALISE DE COMPONENTES INDEPENDENTES PARA A MONITORAC AO DA QUALIDADE DE DADOS EM S{\'E}RIES TEMPORAIS},
  author={Faier, Jos{\'e} M{\'a}rcio},
  year={2011},
  school={Universidade Federal do Rio de Janeiro}
}% JoseMAIA 

@phdthesis{limanova,
  title={Uma nova metodologia para an{\'a}lise da qualidade da energia el{\'e}trica sob condi{\c{c}}{\~o}es de ocorr{\^e}ncia de m{\'u}ltiplos dist{\'u}rbios},
  author={Lima, Marcelo Antonio Alves},
  school={Universidade de S{\~a}o Paulo},
  year = {2013}
}% Tese marcelo

@article{leite2004separaccao,
  title={Separa{\c{c}}{\~a}o Cega de Sinais: An{\'a}lise Comparativa entre Algoritmos},
  author={Leite, Val{\'e}ria Cristina Maria Nascimento},
  journal={253p., Disserta{\c{c}}{\~a}o (Mestrado em Engenharia El{\'e}trica)--Universidade Federal de Itajub{\'a}, Itajub{\'a}, Minas Gerais},
  year={2004}
}% Base do texto da ICA

@article{cavalcante2004separaccao,
  title={Sobre separa{\c{c}}{\~a}o cega de fontes: proposi{\c{c}}{\~o}es e analise de estrategias para processamento multi-usuario},
  author={Cavalcante, Charles Casimiro and others},
  year={2004},
  publisher={[sn]}
}% ajuda vindo do artigo

@inproceedings{sebastiao2008estudo,
  title={Estudo de s{\'e}ries temporais na an{\'a}lise em componentes principais e na an{\'a}lise em componentes independentes},
  author={Sebasti{\~a}o, Fernando and Oliveira, Irene},
  booktitle={XVI Congresso Anual da Sociedade Portuguesa de Estat{\'\i}stica},
  year={2008}
} % ajudo do artigo

@article{leite2013analise,
  title={An{\'a}lise de componentes independentes aplicada a avalia{\c{c}}{\~a}o de imagem radiogr{\'a}fica de sementes},
  author={Leite, Isabel Cristina Costa},
  year={2013},
  publisher={UNIVERSIDADE FEDERAL DE LAVRAS}
}

@article{jain2012exact,
  title={Exact model order ESPRIT technique for harmonics and interharmonics estimation},
  author={Jain, Sachin K and Singh, SN},
  journal={IEEE Transactions on Instrumentation and Measurement},
  volume={61},
  number={7},
  pages={1915--1923},
  year={2012},
  publisher={IEEE}
} % ESPRIT

@article{he2015separation,
  title={Separation and analyzing of harmonics and inter-harmonics based on single channel independent component analysis},
  author={He, Chuan and Shu, Qin},
  journal={International Transactions on Electrical Energy Systems},
  volume={25},
  number={1},
  pages={169--179},
  year={2015},
  publisher={Wiley Online Library}
}% artigo chines

@article{liu2016resolution,
  title={Resolution-Enhanced Harmonic and Interharmonic Measurement for Power Quality Analysis in Cyber-Physical Energy System},
  author={Liu, Yanchi and Wang, Xue and Liu, Youda and Cui, Sujin},
  journal={Sensors},
  volume={16},
  number={7},
  pages={946},
  year={2016},
  publisher={Multidisciplinary Digital Publishing Institute}
}% Sensores

@article{davies2007source,
  title={Source separation using single channel ICA},
  author={Davies, Mike E and James, Christopher J},
  journal={Signal Processing},
  volume={87},
  number={8},
  pages={1819--1832},
  year={2007},
  publisher={Elsevier}
}

@article{coifman1995translation,
  title={Translation-invariant de-noising: in ANTONIADIS, A. and G. OPPENHEIM,(eds.), Wavelets and statistics},
  author={Coifman, R and Donoho, D},
  journal={Lecture Notes in Statistics, Springer Verlag},
  year={1995}
}

@inproceedings{belouchrani1993second,
  title={Second-order blind separation of temporally correlated sources},
  author={Belouchrani, A and Abed-Meraim, K and Cardoso, JF and Moulines, E},
  booktitle={Proc. Int. Conf. Digital Signal Processing},
  pages={346--351},
  year={1993},
  organization={Citeseer}
} % SOBI

@article{belouchrani2000robust,
  title={Robust whitening procedure in blind source separation context},
  author={Belouchrani, Adel and Cichocki, Andrzej},
  journal={Electronics letters},
  volume={36},
  number={24},
  pages={2050--2051},
  year={2000},
  publisher={IET}
}

@inproceedings{tong1990amuse,
  title={AMUSE: a new blind identification algorithm},
  author={Tong, L and Soon, VC and Huang, YF and Liu, RALR},
  booktitle={Circuits and Systems, 1990., IEEE International Symposium on},
  pages={1784--1787},
  year={1990},
  organization={IEEE}
} % AMUSE

@book{hyvarinen2004independent,
  title={Independent component analysis},
  author={Hyv{\"a}rinen, Aapo and Karhunen, Juha and Oja, Erkki},
  volume={46},
  year={2004},
  publisher={John Wiley \& Sons}
} % Livro

@article{mehl2012qualidade,
  title={Qualidade da energia el{\'e}trica},
  author={Mehl, Ewaldo LM},
  journal={Universidade Federal do Paraná},
  year={2012}
}

@article{LimaComparacao,
  title={Comparação de Algoritmos para Análise de Componentes Independentes Aplicada à Estimação de Harmônicos e Interharmônicos},
  author={Lima, Marcelo A. A. and  de Oliveira, Patrick S. and  Cerqueira,Augusto S.  and de Oliveira, Daniel R.  and  Talarico, Pedro H. G. and  Ferreira, Danton D.},
  journal={Universidade Federal de Juiz de Fora, Universidade Federal de Lavras},
  year={2017}
}

@article{ DanielComparacao,
  title={Análise Comparativa de Algoritmos de ICA para Decomposição de Múltiplos Distúrbios de Qualidade da Energia Elétrica},
  author={de Oliveira,Daniel R. and Lima, Marcelo A. A. and de Oliveira,Patrick S. },
  journal={Universidade Federal de Juiz de Fora},
  year={2017}
}

@article{leite2005analise,
  title={An{\'a}lise de Componentes Independentes aplicada {\`a} identifica{\c{c}}{\~a}o de regi{\~o}es lesionadas em mamogramas},
  author={Leite, Luciana},
  journal={COPPE/UFRJ, M. Sc., Engenharia El{\'e}trica},
  year={2005}
}

@article{carmo2015aplicaccao,
  title={APLICA{\c{C}}{\~A}O DA AN{\'A}LISE DE COMPONENTES INDEPENDENTES (ICA) NO CONTROLE DE UMA COLUNA DE DESTILA{\c{C}}{\~A}O DE ALTA PUREZA},
  author={CARMO, SKS and VASCONCELOS, LGS and da SA EMERENCIANO, M},
  journal={Blucher Chemical Engineering Proceedings},
  volume={1},
  number={2},
  pages={13021--13028},
  year={2015}
}

@article{limafiltragem,
  title={FILTRAGEM DE DISTURBIOS EL{\'E}TRICOS BASEADA NA ANALISE DE COMPONENTES INDEPENDENTES DE CANAL UNICO},
  author={Lima, Marcelo AA and Rab{\^e}lo, Ricardo AL and Coury, Denis V and Cerqueira, Augusto S},
  year = {2014}
}

@article{oleskovicz2006estudo,
  title={Estudo comparativo de ferramentas modernas de an{\'a}lise aplicadas {\`a} qualidade da energia el{\'e}trica},
  author={Oleskovicz, M{\'a}rio and Coury, Denis V and Carneiro, Adriano AFM and Arruda, Elcio F and Delmont, F and Souza, Silvio A and others},
  journal={Sba: Controle \& Automa{\c{c}}{\~a}o Sociedade Brasileira de Automatica},
  volume={17},
  number={3},
  pages={331--341},
  year={2006},
  publisher={SciELO Brasil}
}

@book{bollen2006signal,
  title={Signal processing of power quality disturbances},
  author={Bollen, Math H and Gu, Irene},
  volume={30},
  year={2006},
  publisher={John Wiley \& Sons}
}% Livro com tudo

@article{dugan1996electrical,
  title={Electrical power systems quality},
  author={Dugan, Roger C and McGranaghan, Mark F and Beaty, H Wayne},
  journal={New York, NY: McGraw-Hill,| c1996},
  year={1996}
}

@book{hummel1984zero,
  title={Zero crossings and the heat equation},
  author={Hummel, Robert A and Gidas, Basilis C},
  year={1984},
  publisher={New York University. Courant Institute of Mathematical Sciences. Computer Science Department}
}