
@book{huang2001spoken,
	title={Spoken language processing: A guide to theory, algorithm, and system development},
	author={Huang, Xuedong and Acero, Alex and Hon, Hsiao-Wuen and Foreword By-Reddy, Raj},
	year={2001},
	publisher={Prentice hall PTR}
}

@article{chang2009two,
	title={A two-stage ADALINE for harmonics and interharmonics measurement},
	author={Chang, Gary W and Chen, Cheng-I and Liang, Quan-Wei},
	journal={IEEE Transactions on Industrial Electronics},
	volume={56},
	number={6},
	pages={2220--2228},
	year={2009},
	publisher={IEEE}
}
@article{de2009pll,
	title={A PLL-based multirate structure for time-varying power systems harmonic/interharmonic estimation},
	author={de Carvalho, Janison Rodrigues and Duque, Carlos A and Ribeiro, Mois{\'e}s V and Cerqueira, Augusto S and Baldwin, Thomas L and Ribeiro, Paulo F},
	journal={IEEE Transactions on Power Delivery},
	volume={24},
	number={4},
	pages={1789--1800},
	year={2009},
	publisher={IEEE}
}

@article{ziarani2004method,
	title={A method of extraction of nonstationary sinusoids},
	author={Ziarani, Alireza K and Konrad, Adalbert},
	journal={Signal Processing},
	volume={84},
	number={8},
	pages={1323--1346},
	year={2004},
	publisher={Elsevier}
}

@book{mitra2006digital,
	title={Digital signal processing: a computer-based approach},
	author={Mitra, Sanjit Kumar and Kuo, Yonghong},
	volume={2},
	year={2006},
	publisher={McGraw-Hill New York}
}

@article{lago2002digital,
	title={Digital sampling according to Nyquist and Shannon},
	author={Lago, TL},
	journal={Sound and Vibration},
	volume={36},
	number={2},
	pages={20--22},
	year={2002},
	publisher={Citeseer}
}

@book{diniz1997adaptive,
	title={Adaptive filtering},
	author={Diniz, Paulo SR},
	year={1997},
	publisher={Springer}
}
@book{al2006digital,
	title={Digital Phase Lock Loops},
	author={Al-Araji, Saleh R and Hussain, Zahir M and Al-Qutayri, Mahmoud A},
	year={2006},
	publisher={Springer}
}

@book{haykin2005adaptive,
	title={Adaptive filter theory},
	author={Haykin, Simon S},
	year={2005},
	publisher={Pearson Education India}
}

@article{bessegato2012line,
	title={On-Line Process Control using Attributes with Misclassification Errors: An Economical Design for Short-Run Production},
	author={Bessegato, Lup{\'e}rcio F and Quinino, Roberto C and Duczmal, Luiz H and Lee Ho, Linda},
	journal={Communications in Statistics-Theory and Methods},
	volume={41},
	number={10},
	pages={1813--1832},
	year={2012},
	publisher={Taylor \& Francis}
}

@book{castanie2013digital,
	title={Digital spectral analysis: parametric, non-parametric and advanced methods},
	author={Castani{\'e}, Francis},
	year={2013},
	publisher={John Wiley \& Sons}
}

@article{stoica2005spectral,
	title={Spectral analysis of signals},
	author={Stoica, Petre and Moses, Randolph L and others},
	year={2005},
	publisher={Pearson Prentice Hall Upper Saddle River, NJ}
}

@article{carvalho2008estimaccao,
	title={Estima{\c{c}}{\~a}o de harm{\^o}nicos/interharm{\^o}nicos: uma abordagem multitaxa},
	author={Carvalho, Janison Rodrigues de and others},
	year={2008},
	publisher={Universidade Federal de Juiz de Fora (UFJF)}
}
@article{dugan1996electrical,
	title={Electrical power systems quality},
	author={Dugan, Roger C and McGranaghan, Mark F and Beaty, H Wayne},
	journal={New York, NY: McGraw-Hill,| c1996},
	year={1996}
}

@book{sornmo2005bioelectrical,
	title={Bioelectrical signal processing in cardiac and neurological applications},
	author={S{\"o}rnmo, Leif and Laguna, Pablo},
	volume={8},
	year={2005},
	publisher={Academic Press}
}

@book{baxes1994digital,
	title={Digital image processing: principles and applications},
	author={Baxes, Gregory A},
	year={1994},
	publisher={Wiley New York}
}