@phdthesis{de2015instrumentaccao,
  title={INSTRUMENTA{\c{C}}{\~A}O E CONTROLE DO PROCESSO DE PRODU{\c{C}}{\~A}O DE UMA MICROCERVEJARIA},
  author={de Moraes Tostes, Lucas Rodrigues},
  year={2015},
  school={Universidade Federal do Rio de Janeiro}
}

@phdthesis{de2016sistema,
  title={Sistema Automatizado de Produção de Cerveja, Monitorado e Controlado Remotamente},
  author={Veiga, Leonardo Graboski},
  year={2016},
  school={Universidade de São Paulo}
}

@phdthesis{de2016monitoramento,
  title={MONITORAMENTO E CONTROLE DO PROCESSO DE BRASSAGEM NA FABRICAÇÃO DE CERVEJAS ARTESANAIS},
  author={Rafael Baby Faé},
  year={2016},
  school={Universidade do Vale do Itajaí}
}

@article{de2015desenvolvimento,
  title={Desenvolvimento de Dispositivo de Controle Automático para os Processos de Mosturação e Fervura da Fabricação de Cerveja Artesanal},
  author={BORGES, JEAN CARLOS e FR{\"O}HLICH, THIAGO},
  year={2015},
  school={Instituto Federal de Santa Catarina}
}

@article{palmer2006brew,
  title={How to brew},
  author={Palmer, John J},
  journal={EUA: Brewers Publications},
  year={2006}
}

@article{hughes2014cerveja,
  title={Cerveja feita em casa},
  author={HUGHES, Greg},
  journal={S{\~a}o Paulo: Publifolha},
  year={2014}
}

@misc{raking,
  title = {Os países que mais bebem e produzem cerveja},
  howpublished = {\url{https://exame.abril.com.br/economia/os-paises-que-mais-bebem-e-produzem-cerveja/}},
  note = {Accessed: 2018-07-13}
}

@misc{fermentador,
  title = {Fermentador com Airlock},
  howpublished = {\url{https://produto.mercadolivre.com.br/MLB-980677136-kit-2-baldes-fermentador-12-l-torneira-airlock-enchedor-_JM}},
  note = {Accessed: 2018-07-06}
}

@misc{ebulidor,
  title = {Ebulidor Cotherm},
  howpublished = {\url{http://www.cotherm.com.br/produto/ebulidores/}},
  note = {Accessed: 2018-07-10}
}

@misc{solenoide,
  title = {Válvula solenoide},
  howpublished = {\url{https://www.filipeflop.com/produto/valvula-de-vazao-solenoide-agua-12vdc/}},
  note = {Accessed: 2018-07-06}
}

@misc{bomba,
  title = {Bomba para circulação de água},
  howpublished = {\url{https://produto.mercadolivre.com.br/MLB-1025014749-bomba-circulaco-alta-temperatura-agua-quente-cerveja-_JM}},
  note = {Accessed: 2018-07-10}
}

@misc{temp,
  title = {Conexão do sensor DS18B20},
  howpublished = {\url{http://www.huinfinito.com.br/sensores/931-sensor-de-temperatura-ds18b20-prova-d-agua.html}},
  note = {Accessed: 2018-07-06}
}

@misc{vazao,
  title = {Sensor de vazão},
  howpublished = {\url{https://www.filipeflop.com/produto/sensor-de-fluxo-de-agua-12-yf-s201/}},
  note = {Accessed: 2018-07-06}
}

@misc{ard,
  title = {ARDUINO UNO R3},
  howpublished = {\url{https://www.filipeflop.com/produto/placa-uno-r3-cabo-usb-para-arduino/}},
  note = {Accessed: 2018-07-06}
}

@article{fernandes2011automaccao,
  title={Automa{\c{c}}{\~a}o e Controle em uma Micro Cervejaria Artesanal},
  author={Fernandes, AMR and FRENZEN, T},
  journal={VIII SEGeT--Simp{\'o}sio de Excel{\^e}ncia em Gest{\~a}o e Tecnologia},
  year={2011}
}

@misc{imers,
  title = {Chiller de Imersão},
  howpublished = {\url{http://www.insumosdailha.com.br/produto/chiller-aluminio-12-15-metros/}},
  note = {Accessed: 2018-07-14}
}

@misc{contr,
  title = {Chiller de contra fluxo},
  howpublished = {\url{http://www.insumosdailha.com.br/produto/chiller-contra-fluxo-em-aluminio-12-15metros/}},
  note = {Accessed: 2018-07-14}
}

@misc{plac,
  title = {Chiller de placas metálicas},
  howpublished = {\url{https://www.faztuaceva.com.br/resfriamento/chiller-inox-30-placas}},
  note = {Accessed: 2018-07-14}
}

@misc{cerv1,
  title = {Número de cervejarias no Brasil quase dobra em 3 anos e setor volta criar empregos},
  howpublished = {\url{https://g1.globo.com/economia/pme/noticia/numero-de-cervejarias-no-brasil-quase-dobra-em-3-anos-e-setor-volta-criar-empregos.ghtml}},
  note = {Accessed: 2018-07-10}
}

@misc{ard2,
  title = {Arduino},
  howpublished = {\url{https://www.arduino.cc/en/Guide/Introduction}},
  note = {Accessed: 2018-07-10}
}

@misc{aqua,
  title = {Tubos e conexões Aquatherm},
  howpublished = {\url{https://www.tigre.com.br/agua-quente/aquatherm}},
  note = {Accessed: 2018-07-10}
}

@misc{proteus,
  title = {Proteus},
  howpublished = {\url{https://www.labcenter.com/}},
  note = {Accessed: 2018-07-10}
}

@manual{sensorDS18,
    organization  = "Maxim Integrated",
    title         = " Programmable Resolution
1-Wire Digital Thermometer",
    number        = "DS18B20",
    year          =  2015,
    note          = "Rev. 4"
}

@misc{sensoryf,
  title = {Hall sensor YF-S201},
  howpublished = {\url{https://www.hobbytronics.co.uk/datasheets/sensors/YF-S201.pdf}}
}

@book{de2006controles,
  title={Controles t{\'\i}picos de equipamentos e processos industriais},
  author={de Campos, Mario Cesar M Massa and Teixeira, Herbert CG},
  year={2006},
  publisher={Edgard Bl{\"u}cher}
}

@book{ogata1998engenharia,
  title={Engenharia de controle moderno},
  author={Ogata, Katsuhiko and Severo, Bernardo},
  year={1998},
  publisher={Prentice Hall do Brasil}
}

@article{albu2008soft,
  title={Soft robotics},
  author={Albu-Schaffer, Alin and Eiberger, Oliver and Grebenstein, Markus and Haddadin, Sami and Ott, Christian and Wimbock, Thomas and Wolf, Sebastian and Hirzinger, Gerd},
  journal={IEEE Robotics \& Automation Magazine},
  volume={15},
  number={3},
  year={2008},
  publisher={IEEE}
}

@article{nomePraCitarArtigo,
  author =  {autor},
  title =   {título do trabalho},
  journal = {nome do congresso/jornal},
  year =    {1999}
}

@Book{nomePraCitarLivro,
  title =     {Título do Livro},
  publisher = {nome da Editora},
  year =      {1998},
  author =    {Nome do Autor},
  editor =    {Editor}
}

@manual{,
  title =        {nome do manual do produto que vc está citando},
  author =       {autor},
  organization = {empresa},
  year =         {1888},
  url =          {www.endereçoeletronico.kit.net}
}